@misc
{ref_framework_mvc,
title={Framework MVC du Site du z√©ro},
note={http://www.siteduzero.com/tutoriel-3-147180-la-programmation-orientee-objet-en-php.html}
}
